@inproceedings{hasiwar2023towards,
  title={Towards a Cloud-Based Smart Office Solution for Shared Workplace Individualization},
  author={Hasiwar, D. and Gruber, A. and Dragschitz, C. and Ivkic, I.},
  booktitle={Proceedings of the 2023 ACM Conference},
  year={2023}
} 