@article{ref01,
  title={Towards a Cloud-Based Smart Office Solution for Shared Workplace Individualization},
  author={Hasiwar, D. and Gruber, A. and Dragschitz, C. and Ivkic, I.},
  journal={Proceedings of the 2023 ACM Conference},
  year={2023}
} 




%%inproceedings{ref01,
%%	title={Towards a security cost model for cyber-physical systems},
%%	author={Ivkic, Igor and Mauthe, Andreas and Tauber, Markus},
%%	booktitle={2019 16th IEEE Annual Consumer Communications \& Networking Conference (CCNC)},
%%	pages={1--7},
%%	year={2019},
%%	organization={IEEE}
%%}

%% article{ref02, %% use at sign before article
	title={A framework for measuring the costs of security at runtime},
	author={Ivkic, Igor and Pichler, Harald and Zsilak, Mario and Mauthe, Andreas and Tauber, Markus},
	journal={arXiv preprint arXiv:1905.11180},
	year={2019}
}

%% article{ref03, %% use at sign before article
%%	title={A security cost modelling framework for cyber-physical systems},
%%	author={Ivki{\'c}, Igor and Sailer, Patrizia and Gouglidis, Antonios and Mauthe, Andreas and Tauber, Markus},
%%	journal={ACM Transactions on Internet Technology (TOIT)},
%%	volume={22},
%%	number={2},
%%	pages={1--31},
%%	year={2022},
%%	publisher={ACM New York, NY}
%%}





%%\href{https://arxiv.org/pdf/2403.18883=#}{Towards a Cloud-Based Smart Office Solution for Shared
%%Workplace Individualization}

%%\href{https://diversicon.de/neurodiversitat-in-unserer-arbeitswelt/}{Neurodiversität in unserer Arbeitswelt}

%%ref{https://karriere.myability.jobs/karrieretipps/adhs-und-autismus-im-arbeitsalltag}{ADHS und Autismus im Arbeitsalltag}

%%ref{https://hire.workwise.io/hr-praxis/organisationsentwicklung/neurodiversitaet?06566da5_page=8&859db596_page=1}{Neurodiversität am Arbeitsplatz}

%%\href{https://www.nachhaltigejobs.de/neurodiversitaet-im-job/m}{Neurodiversität im Job}

%%\href{https://hushoffice.com/de/burogestaltung-fur-eine-neurodiverse-belegschaft/}{Bürogestaltung für eine neurodiverse Belegschaft}
%%Neuy-Lobkowicz, Astrid. "Leben Mit ADHS." Die Heilberufe. 76.6 (2024): 16–19. Web.
%%ADHD at the workplace: ADHD symptoms, diagnostic status, and work-related functioning
%%von Fuermaier, Anselm B. M.; Tucha, Lara; Butzbach, Marah ; 

%%Journal of Neural Transmission, 07/2021, Band 128, Ausgabe 7
%%Adults diagnosed with attention-deficit/hyperactivity disorder (ADHD) commonly experience impairments in multiple domains of daily living. Work has a central...

%%Die Aufmerksamkeitsdefizit‑/Hyperaktivitätsstörung (ADHS) am Arbeitsplatz
%%von Stockreiter, D.; Reuss, F.; Holzgreve, F.; 
%%Zentralblatt für Arbeitsmedizin, Arbeitsschutz und Ergonomie, 09/2024, Band 74, Ausgabe 5

%%Yildirim, Murat, and Fatma Solmaz. "COVID-19 Burnout, COVID-19 Stress and Resilience: 
%%Initial Psychometric Properties of COVID-19 Burnout Scale." Death studies. 46.3 (2022): 524–532. Web.

%%Cheng, Newton. "The Journey to Burnout and Back." American journal of health promotion: 
%%AJHP. 37.4 (2023): 569–571. Web.