@online{atlassian_safe,
  author    = {Atlassian},
  title     = {Werte und Prinzipien des Scaled Agile Framework (SAFe)},
  year      = {2024},
  url       = {https://www.atlassian.com/de/agile/agile-at-scale/scaled-agile-framework},
  note      = {Zugriff am 05.05.2025}
}

@online{apwide_safe,
  author    = {APWide},
  title     = {Scaled Agile Framework: How SAFe Release Management Works?},
  year      = {2023},
  url       = {https://www.apwide.com/blog/scaled-agile-framework-safe-release-management/},
  note      = {Accessed 05.05.2025}
}

@online{echolon_mttr,
  author    = {Echolon},
  title     = {Was bedeuten die Störungs- oder Vorfall-Metriken: MTBF, MTTR},
  year      = {2022},
  url       = {https://www.echolon.de/it-wiki/mtbf-mttr/},
  note      = {Zugriff am 05.05.2025}
}

@online{alertops_metrics,
  author    = {AlertOps},
  title     = {MTTD vs. MTTF vs. MTBF vs. MTTR Comparison},
  year      = {2024},
  url       = {https://alertops.com/blog/mttd-vs-mttf-vs-mtbf-vs-mttr/},
  note      = {Accessed 05.05.2025}
}

@online{centron_iac,
  author    = {Centron},
  title     = {Infrastructure as Code (IaC) – eine Einführung},
  year      = {2023},
  url       = {https://www.centron.de/blog/infrastructure-as-code-iac-eine-einfuehrung/},
  note      = {Zugriff am 05.05.2025}
}

@online{aws_iac,
  author    = {AWS},
  title     = {Benefits of implementing Infrastructure as Code (IaC)},
  year      = {2023},
  url       = {https://docs.aws.amazon.com/prescriptive-guidance/latest/implementing-infrastructure-as-code/benefits.html},
  note      = {Accessed 05.05.2025}
}

@online{netapp_sre,
  author    = {NetApp},
  title     = {Was ist Site Reliability Engineering? SRE im Vergleich zu DevOps},
  year      = {2024},
  url       = {https://www.netapp.com/de/devops-solutions/what-is-site-reliability-engineering/},
  note      = {Zugriff am 05.05.2025}
}

@online{brokee_sre,
  author    = {Brokee},
  title     = {The Key Differences Between SRE vs DevOps Engineers},
  year      = {2024},
  url       = {https://www.brookee.com/blog/sre-vs-devops-engineers/},
  note      = {Accessed 05.05.2025}
}


