@online{wiremock2025,
  author    = {WireMock},
  title     = {WireMock Documentation},
  year      = {2025},
  url       = {https://wiremock.org/docs/overview/},
  note      = {Abgerufen am 16.05.2025}
}

@online{aws2021,
  author    = {Amazon Web Services},
  title     = {Test AWS Infrastructure Using LocalStack and Terraform},
  year      = {2021},
  url       = {https://docs.aws.amazon.com/prescriptive-guidance/latest/patterns/test-aws-infra-localstack-terraform.html},
  note      = {Abgerufen am 16.05.2025}
}

@book{byars2018,
  author    = {Brandon Byars},
  title     = {Testing Microservices with Mountebank},
  year      = {2018},
  publisher = {Manning Publications},
  isbn      = {9781617293065}
}
@online{tricentis2024,
  author    = {Tricentis},
  title     = {Test Data Management: Developing a Strategy},
  year      = {2024},
  url       = {https://www.tricentis.com/learn/test-data-management-developing-a-strategy},
  note      = {Abgerufen am 16.05.2025}
}

@online{browserstack2025,
  author    = {BrowserStack},
  title     = {Test Data Management: Strategies for Effective Testing},
  year      = {2025},
  url       = {https://www.browserstack.com/guide/test-data-management},
  note      = {Abgerufen am 16.05.2025}
}
@inproceedings{beyer2023,
  author    = {Dirk Beyer},
  title     = {Software Testing: 5th Comparative Evaluation: {Test-Comp 2023}},
  booktitle = {Proceedings of the 26th International Conference on Fundamental Approaches to Software Engineering},
  year      = {2023},
  pages     = {309--323},
  publisher = {Springer},
  doi       = {10.1007/978-3-031-30826-0_17}
}
